@book{kish1965survey,
  title={Survey Sampling},
  author={Kish, Leslie},
  publisher={New York: John Wiley \& Sons},
  year={1965}
}
@article{splawa1990application,
  title={On the application of probability theory to agricultural experiments. Essay on principles. Section 9.},
  author={Neyman, Jerzy},
  journal={Statistical Science},
  pages={465--472},
  year={1990},
  volume= {5},
  number = {4},
  publisher={JSTOR}
}

@book{groves2011survey,
  title={Survey methodology},
  author={Groves, Robert M and Fowler Jr, Floyd J and Couper, Mick P and Lepkowski, James M and Singer, Eleanor and Tourangeau, Roger},
  year={2009},
  publisher={Hoboken, NJ:  John Wiley \& Sons},
  edition = {2}
}

@book{lohr2009sampling,
  title={Sampling: Design and Analysis},
  author={Lohr, Sharon L},
  year={2009},
  publisher={Boston: Brooks/Cole Cengage Learning},
   edition = {2}
}

@article{green2020countering,
  title={Countering violence against women by encouraging disclosure: A mass media experiment in rural Uganda},
  author={Green, Donald P and Wilke, Anna M and Cooper, Jasper},
  journal={Comparative Political Studies},
  pages= {2283â€“2320},
  year={2020},
    volume= {53},
  number = {14},
  publisher={SAGE Publications Sage CA: Los Angeles, CA}
}

@book{scacco2010riots,
  title={Who riots? Explaining individual participation in ethnic violence},
  author={Scacco, Alexandra},
  year={2008},
  publisher={Unpublished Manuscript}
}