
@article{Bloom2017,
   author = {Bloom, H. S., Raudenbush, S. W., Weiss, M. J., and Porter, K. },
   title = {Using multisite experiments to study cross-site variation in treatment effects: A hybrid approach with fixed intercepts and a random treatment coefficient},
   journal = {Journal of Research on Educational Effectiveness},
   volume = {10},
   number = {4},
   pages = {817-842},
   year = {2017}
}

@misc{Clark2011,
   author = {Clark, M. A., Gleason, P., Tuttle, C. C., and Silverberg, M. K.},
   title = {Do Charter Schools Improve Student Achievement? Evidence from a National Randomized Study},
   howpublished = {Mathematica Policy Research, Inc},
   year = {2011}
}

@article{Dong2013,
   author = {Dong, Nianbo and Maynard, Rebecca},
   title = {PowerUP!: A Tool for Calculating Minimum Detectable Effect Sizes and Minimum Required Sample Sizes for Experimental and Quasi-Experimental Design Studies},
   journal = {Journal of Research on Educational Effectiveness},
   volume = {6},
   number = {1},
   pages = {24-67},
   ISSN = {1934-5747},
   year = {2013}
}

@misc{Hunter2022,
   author = {Kristen Hunter and Luke Miratrix and Kristin Porter},
   title = {Power Under Multiplicity Project (PUMP): Estimating Power, Minimum Detectable Effect Size, and Sample Size When Adjusting for Multiple Outcomes},
   journal = {arXiv},
   url = "https://arxiv.org/abs/2112.15273",
   year = {2022}
}

@book{Imbens2015,
   author = "Guido W. Imbens and Donald B. Rubin",
   title = "Causal Inference for Statistics, Social, and Biomedical Sciences: {A}n Introduction",
   publisher = "Cambridge University Press",
   year  = "2015"
}

@article{Imai2008,
   author    = "Kosuke Imai and Gary King and Elizabeth A. Stuart",
   journal   = "Journal of the Royal Statistical Society: Series A",
   title     = "Misunderstandings between experimentalists and observationalists about causal inference",
   volume    = "171",
   number    = "2",
   year      = "2008",
   pages     = "481-502",
}

@article{Neyman1923,
   author    = "Jerzy Splawa-Neyman and Dortoa M Dabrowska and Terence P. Speed",
   journal   = "Statistical Science",
   number    = "4",
   pages     = "465-472",
   publisher = "JSTOR",
   title     = "On the Application of Probability Theory to Agricultural Experiments. {E}ssay on Principles. {S}ection 9.",
   volume    = "5",
   year      = "1923/1990"
}

@article{Miratrix2020,
   author = "Luke E. Miratrix and Michael Weiss and Brit Henderson",
   title = "An Applied Researcherâ€™s Guide to Estimating Effects From Multisite 
   Individually Randomized Trials: Estimands, Estimators, and Estimates",
   journal = "Journal of Research on Educational Effectiveness",
   volume = "forthcoming",
   year  = "2020"
}

@article{Pashley2021,
   author = "Nicole E. Pashley and Luke W. Miratrix",
   title = "Insights on Variance Estimation for Blocked and Matched Pairs Designs",
   journal = "Journal of Educational and Behavioral Statistics",
   volume = "46",
   number = "3",
   pages = "271-296",
   year  = "2021"
}

@article{Pashley2022,
   author = "Nicole E. Pashley and Luke W. Miratrix",
   title = "Block when you can, except when you shouldn't",
   journal = "Journal of Educational and Behavioral Statistics",
   volume = "47",
   number = "1",
   year  = "2022"
}

@article{Raudenbush2007,
   author = "Stephen W. Raudenbush and Andres Martinez and Jessaca Spybrook",
   title = "Strategies for Improving Precision in Group-Randomized Experiments",
   journal = "Educational Evaluation and Policy Analysis",
   volume = "29",
   number = "1",
   pages = "5-29",
   year  = "2007"
}

@article{Raudenbush2015,
   author = "Stephen W. Raudenbush and Howard S. Bloom",
   title = "Learning About and From a Distribution of Program Impacts Using Multisite Trials",
   journal = "American Journal of Evaluation",
   volume = "36",
   pages = "475-499",
   year  = "2015"
}

@article{Raudenbush2020,
   author = "Raudenbush, S. W., and Schwartz, D.",
   title = "Randomized Experiments in Education, with Implications for Multilevel Causal Inference",
   journal = "Annual Review of Statistics and Its Application",
   volume = "7",
   number = "1",
   year  = "2020"
}

@article{Richburg-Hayes2008,
   author = "Richburg-Hayes, L., Visher, M., and Bloom, D.",
   title = "Do learning communities effect academic outcomes? Evidence from an experiment in a community college",
   journal = "Journal of Research on Educational Effectiveness",
   volume = "1",
   number = "1",
   pages = "33-65",
   year  = "2008"
}

@misc{Schochet2016,
   author = "Peter Z. Schochet",
   title = "Statistical Theory for the RCT-YES Software: Design-Based Causal Inference for RCTs",
   year  = "2016"
}

@article{Weiss2019,
   author = " Weiss, M. J., Ratledge, A., Sommo, C., and Gupta, H. ",
   title = "Supporting Community College
 Students from Start to Degree Completion: Long-Term Evidence from a Randomized Trial of CUNY's ASAP",
   journal = "Annual Economic Journal: Applied Economics",
   volume = "11",
   number = "3",
   year  = "2017"
}
